@article{annaberdiyev_enhanced_2024,
  author = {Annaberdiyev, Abdulgani and Ganesh, Panchapakesan and Krogel, Jaron T.},
  journal = {Journal of Chemical Theory and Computation},
  title = {Enhanced {{Twist-Averaging Technique}} for {{Magnetic Metals}}: {{Applications Using Quantum Monte Carlo}}},
  year = {2024},
  doi = {10.1021/acs.jctc.4c00058},
}
