% Encoding: UTF-8

@article{Ceperley1978,
  author    = {Ceperley, D.},
  journal   = {Phys. Rev. B},
  title     = {Ground state of the fermion one-component plasma: A Monte Carlo study in two and three dimensions},
  year      = {1978},
  month     = oct,
  pages     = {3126--3138},
  volume    = {18},
  doi       = {10.1103/PhysRevB.18.3126},
  issue     = {7},
  numpages  = {0},
  publisher = {American Physical Society}
}

@article{CeperleyAlderPRL1980,
  author    = {Ceperley, D. M. and Alder, B. J.},
  journal   = {Physical Review Letters},
  title     = {Ground State of the Electron Gas by a Stochastic Method},
  year      = {1980},
  month     = aug,
  pages     = {566--569},
  volume    = {45},
  doi       = {10.1103/PhysRevLett.45.566},
  issue     = {7},
  publisher = {American Physical Society}
}


@article{Fahy1990,
  author          = {Fahy, S. and Wang, X. W. and Louie, Steven G.},
  doi             = {10.1103/PhysRevB.42.3503},
  isbn            = {038794527X},
  optissn         = {01631829},
  journal         = {Physical Review B},
  mendeley-groups = {QMC-methods/Update},
  number          = {6},
  pages           = {3503--3522},
  title           = {{Variational quantum Monte Carlo nonlocal pseudopotential approach to solids: Formulation and application to diamond, graphite, and silicon}},
  volume          = {42},
  year            = {1990}
}


@article{Drummond2004,
  author  = {Drummond, N. D. and Towler, M. D. and Needs, R. J.},
  doi     = {10.1103/PhysRevB.70.235119},
  issn    = {10980121},
  journal = {Physical Review B - Condensed Matter and Materials Physics},
  number  = {23},
  pages   = {1--11},
  title   = {{Jastrow correlation factor for atoms, molecules, and solids}},
  volume  = {70},
  year    = {2004}
}

@article{Burkatzki07,
  author  = {Burkatzki, M. and Filippi, C. and Dolg, M.},
  journal = {The Journal of Chemical Physics},
  title   = {Energy-consistent pseudopotentials for quantum Monte Carlo calculations},
  year    = {2007},
  number  = {23},
  pages   = {-},
  volume  = {126},
  doi     = {10.1063/1.2741534},
  eid     = {234105}
}

@article{kato,
  author  = {Kato, T},
  journal = {Transactions of the American Mathematical Society},
  title   = {Fundamental properties of Hamiltonian operators of the Schrodinger type},
  year    = {1951},
  pages   = {195--211},
  volume  = {70}
}

@article{Burkatzki08,
  author  = {Burkatzki, M. and Filippi, Claudia and Dolg, M.},
  journal = {The Journal of Chemical Physics},
  title   = {Energy-consistent small-core pseudopotentials for 3d-transition metals adapted to quantum Monte Carlo calculations},
  year    = {2008},
  number  = {16},
  pages   = {-},
  volume  = {129},
  doi     = {10.1063/1.2987872},
  eid     = {164115}
}

@article{EslerKimCeperleyShulenburger2012,
  author    = {Kenneth P. Esler and Jeongnim Kim and David M. Ceperley and Luke Shulenburger},
  journal   = {Computing in Science and Engineering},
  title     = {Accelerating Quantum Monte Carlo Simulations of Real Materials on GPU Clusters},
  year      = {2012},
  issn      = {1521-9615},
  number    = {1},
  pages     = {40--51},
  volume    = {14},
  address   = {Los Alamitos, CA, USA},
  doi       = {10.1109/MCSE.2010.122},
  publisher = {IEEE Computer Society}
}

@article{Krogel2013,
  author    = {Krogel, Jaron T. and Yu, Min and Kim, Jeongnim and Ceperley, David M.},
  journal   = {Phys. Rev. B},
  title     = {Quantum energy density: Improved efficiency for quantum Monte Carlo calculations},
  year      = {2013},
  month     = jul,
  pages     = {035137},
  volume    = {88},
  doi       = {10.1103/PhysRevB.88.035137},
  issue     = {3},
  numpages  = {10},
  publisher = {American Physical Society}
}

@article{Krogel2014,
  author    = {Krogel, Jaron T. and Kim, Jeongnim and Reboredo, Fernando A.},
  journal   = {Phys. Rev. B},
  title     = {Energy density matrix formalism for interacting quantum systems: Quantum Monte Carlo study},
  year      = {2014},
  month     = jul,
  pages     = {035125},
  volume    = {90},
  doi       = {10.1103/PhysRevB.90.035125},
  issue     = {3},
  numpages  = {8},
  publisher = {American Physical Society}
}

@article{Natoli1995,
  author  = {Vincent Natoli and David M. Ceperley},
  journal = {Journal of Computational Physics},
  title   = {An Optimized Method for Treating Long-Range Potentials},
  year    = {1995},
  issn    = {0021-9991},
  number  = {1},
  pages   = {171--178},
  volume  = {117},
  doi     = {10.1006/jcph.1995.1054},
  url     = {http://www.sciencedirect.com/science/article/pii/S0021999185710546}
}

@article{Mitas1991,
  author  = {Mitas, Lubos and Shirley, Eric L. and Ceperley, David M.},
  journal = {The Journal of Chemical Physics},
  title   = {Nonlocal pseudopotentials and diffusion Monte Carlo},
  year    = {1991},
  number  = {5},
  pages   = {3467--3475},
  volume  = {95},
  doi     = {10.1063/1.460849}
}

@article{Chiesa2006,
  author    = {Chiesa, Simone and Ceperley, David M. and Martin, Richard M. and Holzmann, Markus},
  journal   = {Phys. Rev. Lett.},
  title     = {Finite-Size Error in Many-Body Simulations with Long-Range Interactions},
  year      = {2006},
  month     = aug,
  pages     = {076404},
  volume    = {97},
  doi       = {10.1103/PhysRevLett.97.076404},
  issue     = {7},
  numpages  = {4},
  publisher = {American Physical Society}
}

@article{blips4QMC,
  title     = {{An efficient localized basis set for quantum Monte Carlo calculations on condensed matter}},
  author    = {Alf{\`{e}}, D. and Gillan, M. J.},
  journal   = {Physical Review B},
  volume    = {70},
  number    = {16},
  pages     = {161101},
  year      = {2004},
  publisher = {APS}
}

@article{Zhao:2016:dir_tar,
  author  = {Luning Zhao and Eric Neuscamman},
  title   = {An efficient variational principle for the direct optimization of excited states},
  journal = {J. Chem. Theory. Comput.},
  volume  = {12},
  pages   = {3436},
  year    = {2016}
}

@article{Zhao:2017:blocked_lm,
  author  = {Luning Zhao and Eric Neuscamman},
  journal = {J. Chem. Theory. Comput.},
  title   = {A Blocked Linear Method for Optimizing Large Parameter Sets in Variational Monte Carlo},
  year    = {2017},
  doi     = {10.1021/acs.jctc.7b00119}
}

@article{Otis2019,
  author  = {Leon Otis and Eric Neuscamman},
  title   = {Complementary first and second derivative methods for ansatz optimization in variational Monte Carlo},
  journal = {Phys. Chem. Chem. Phys.},
  volume  = {21},
  pages   = {14491},
  year    = {2019}
}

@article{Krogel2016nexus,
  author  = {Jaron T. Krogel},
  journal = {Computer Physics Communications},
  title   = {Nexus: A modular workflow management system for quantum simulation codes},
  year    = {2016},
  issn    = {0010-4655},
  pages   = {154--168},
  volume  = {198},
  doi     = {10.1016/j.cpc.2015.08.012},
  url     = {http://www.sciencedirect.com/science/article/pii/S0010465515002982}
}

@inproceedings{IPCC_SC17,
  author    = {Mathuriya, Amrita and Luo, Ye and Clay,III, Raymond C. and Benali, Anouar and Shulenburger, Luke and Kim, Jeongnim},
  booktitle = {Proceedings of the International Conference for High Performance Computing, Networking, Storage and Analysis},
  title     = {Embracing a New Era of Highly Efficient and Productive Quantum Monte Carlo Simulations},
  year      = {2017},
  address   = {New York, NY, USA},
  pages     = {38:1--38:12},
  publisher = {ACM},
  series    = {SC '17},
  acmid     = {3126952},
  articleno = {38},
  doi       = {10.1145/3126908.3126952},
  isbn      = {978-1-4503-5114-0},
  location  = {Denver, Colorado},
  numpages  = {12}
}

@article{Kwon1993backflow,
  author    = {Kwon, Yongkyung and Ceperley, D. M. and Martin, Richard M.},
  journal   = {Phys. Rev. B},
  title     = {Effects of three-body and backflow correlations in the two-dimensional electron gas},
  year      = {1993},
  month     = oct,
  pages     = {12037--12046},
  volume    = {48},
  doi       = {10.1103/PhysRevB.48.12037},
  issue     = {16},
  numpages  = {0},
  publisher = {American Physical Society}
}

@article{Umrigar1993,
  author  = {Umrigar, C J and Nightingale, M P and Runge, K J},
  title   = {{A diffusion Monte Carlo algorithm with very small timestep errors A diffusion Monte Carlo algorithm with very small time-step errors}},
  journal = {The Journal of Chemical Physics},
  volume  = {99},
  number  = {4},
  pages   = {2865},
  year    = {1993},
  doi     = {10.1063/1.465195}
}

@article{Toulouse2007linear,
  author  = {Julien Toulouse and C. J. Umrigar},
  journal = {The Journal of Chemical Physics},
  title   = {Optimization of quantum Monte Carlo wave functions by energy minimization},
  year    = {2007},
  number  = {8},
  pages   = {084102},
  volume  = {126},
  doi     = {10.1063/1.2437215},
  eprint  = {http://dx.doi.org/10.1063/1.2437215}
}

@article{PhysRevLett.90.136401,
  author    = {Zhang, Shiwei and Krakauer, Henry},
  journal   = {Phys. Rev. Lett.},
  title     = {Quantum Monte Carlo Method using Phase-Free Random Walks with Slater Determinants},
  year      = {2003},
  month     = apr,
  pages     = {136401},
  volume    = {90},
  doi       = {10.1103/PhysRevLett.90.136401},
  issue     = {13},
  numpages  = {4},
  publisher = {American Physical Society}
}

@article{PhysRevE.70.056702,
  author    = {Purwanto, Wirawan and Zhang, Shiwei},
  journal   = {Phys. Rev. E},
  title     = {Quantum Monte Carlo method for the ground state of many-boson systems},
  year      = {2004},
  month     = nov,
  pages     = {056702},
  volume    = {70},
  doi       = {10.1103/PhysRevE.70.056702},
  issue     = {5},
  numpages  = {18},
  publisher = {American Physical Society}
}

@article{AFQMC_review,
  title     = {Auxiliary-Field Quantum Monte Carlo for Correlated Electron Systems},
  author    = {Zhang, Shiwei},
  journal   = {Modeling and Simulation},
  volume    = {3},
  issue     = {},
  pages     = {},
  numpages  = {},
  year      = {2013},
  month     = {},
  publisher = {},
  doi       = {},
  url       = {http://hdl.handle.net/2128/5389}
}


@article{blunt_charge-transfer_2017,
  title      = {Charge-transfer excited states: {Seeking} a balanced and efficient wave function ansatz in variational {Monte} {Carlo}},
  volume     = {147},
  issn       = {0021-9606},
  shorttitle = {Charge-transfer excited states},
  doi        = {10.1063/1.4998197},
  number     = {19},
  journal    = {The Journal of Chemical Physics},
  author     = {Blunt, N. S. and Neuscamman, Eric},
  month      = nov,
  year       = {2017},
  pages      = {194101}
}

@article{Casula2006,
  archiveprefix   = {arXiv},
  arxivid         = {cond-mat/0610246},
  author          = {Casula, Michele},
  doi             = {10.1103/PhysRevB.74.161102},
  eprint          = {0610246},
  issn            = {10980121},
  journal         = {Physical Review B - Condensed Matter and Materials Physics},
  mendeley-groups = {QMC-methods/DMC},
  mendeley-tags   = {DMC,T-move},
  pages           = {1--4},
  primaryclass    = {cond-mat},
  title           = {{Beyond the locality approximation in the standard diffusion Monte Carlo method}},
  volume          = {74},
  year            = {2006}
}

@article{Casula2010,
  archiveprefix = {arXiv},
  arxivid       = {1002.0356},
  author        = {Casula, Michele and Moroni, Saverio and Sorella, Sandro and Filippi, Claudia},
  doi           = {10.1063/1.3380831},
  eprint        = {1002.0356},
  isbn          = {0021-9606},
  issn          = {00219606},
  journal       = {Journal of Chemical Physics},
  number        = {15},
  pmid          = {20423174},
  title         = {{Size-consistent variational approaches to nonlocal pseudopotentials: Standard and lattice regularized diffusion Monte Carlo methods revisited}},
  volume        = {132},
  year          = {2010}
}

@article{Caffarel2013,
  author  = {E. Giner, A. Scemama, M. Caffarel},
  journal = {Canadian Journal of Chemistry},
  title   = {Using perturbatively selected configuration interaction in quantum Monte Carlo calculations},
  year    = {2013},
  pages   = {9},
  volume  = {91}
}

@misc{QP,
  author       = {A. Scemamma},
  title        = {Quantum Package},
  howpublished = {\url{https://github.com/LCPQ/quantum_package}},
  year         = {2013--2017}
}

@inproceedings{FladCaffarelSavin97,
  author    = {H.-J. Flad, M. Caffarel and A. Savin},
  booktitle = {Recent Advances in Quantum Monte Carlo Methods, Vol. III},
  title     = {Monte Carlo in solids},
  year      = {1997},
  address   = {World Scientific},
  pages     = {73--98},
  publisher = {ed. by W. A. Lester}
}

@article{Diner1967,
  author   = {Diner, S. and Malrieu, J. P. and Claverie, P.},
  journal  = {Theoretica chimica acta},
  title    = {The use of perturbation methods for the study of the effects of configuration interaction},
  year     = {1967},
  issn     = {1432-2234},
  number   = {5},
  pages    = {390--403},
  volume   = {8},
  doi      = {10.1007/BF00529454}
}
@article{Nesbet1955,
  author    = {Nesbet, R. K.},
  title     = {Configuration Interaction in Orbital Theories},
  volume    = {230},
  number    = {1182},
  pages     = {312--321},
  year      = {1955},
  doi       = {10.1098/rspa.1955.0134},
  publisher = {The Royal Society},
  issn      = {0080-4630},
  url       = {http://rspa.royalsocietypublishing.org/content/230/1182/312},
  eprint    = {http://rspa.royalsocietypublishing.org/content/230/1182/312.full.pdf},
  journal   = {Proceedings of the Royal Society of London A: Mathematical, Physical and Engineering Sciences}
}

@article{Scemama2018,
  author  = {Scemama, Anthony and Garniron, Yann and Caffarel, Michel and Loos, Pierre-Francois},
  journal = {Journal of Chemical Theory and Computation},
  title   = {Deterministic construction of nodal surfaces within quantum Monte Carlo: the case of FeS},
  year    = {0},
  number  = {ja},
  pages   = {null},
  volume  = {0},
  doi     = {10.1021/acs.jctc.7b01250},
  eprint  = {http://dx.doi.org/10.1021/acs.jctc.7b01250}
}

@article{Garniron2017-1,
  author  = {Yann Garniron and Emmanuel Giner and Jean-Paul Malrieu and Anthony Scemama},
  journal = {The Journal of Chemical Physics},
  title   = {Alternative definition of excitation amplitudes in multi-reference state-specific coupled cluster},
  year    = {2017},
  number  = {15},
  pages   = {154107},
  volume  = {146},
  doi     = {10.1063/1.4980034},
  eprint  = {https://doi.org/10.1063/1.4980034}
}

@article{Garniron2017-2,
  author  = {Yann Garniron and Anthony Scemama and Pierre-Fran{\c{c}}ois Loos and Michel Caffarel},
  journal = {The Journal of Chemical Physics},
  title   = {Hybrid stochastic-deterministic calculation of the second-order perturbative contribution of multireference perturbation theory},
  year    = {2017},
  number  = {3},
  pages   = {034101},
  volume  = {147},
  doi     = {10.1063/1.4992127},
  eprint  = {https://doi.org/10.1063/1.4992127}
}

@article{Scemama2016,
  author  = {Scemama, Anthony and Applencourt, Thomas and Giner, Emmanuel and Caffarel, Michel},
  journal = {Journal of Computational Chemistry},
  title   = {Quantum Monte Carlo with very large multideterminant wavefunctions},
  year    = {2016},
  issn    = {1096-987X},
  number  = {20},
  pages   = {1866--1875},
  volume  = {37},
  doi     = {10.1002/jcc.24382}
}

@article{schmidt93,
  author    = {Schmidt, Michael W. and Baldridge, Kim K. and Boatz, Jerry A. and Elbert, Steven T. and Gordon, Mark S. and Jensen, Jan H. and Koseki, Shiro and Matsunaga, Nikita and Nguyen, Kiet A. and Su, Shujun and Windus, Theresa L. and Dupuis, Michel and Montgomery, John A.},
  journal   = {Journal of Computational Chemistry},
  title     = {General atomic and molecular electronic structure system},
  year      = {1993},
  issn      = {1096-987X},
  number    = {11},
  pages     = {1347--1363},
  volume    = {14},
  doi       = {10.1002/jcc.540141112},
  publisher = {John Wiley & Sons, Inc.}
}

@article{Sun2018,
  author    = {Sun, Qiming and Berkelbach, Timothy C. and Blunt, Nick S. and Booth, George H. and Guo, Sheng and Li, Zhendong and Liu, Junzi and McClain, James D. and Sayfutyarova, Elvira R. and Sharma, Sandeep and Wouters, Sebastian and Chan, Garnet Kin-Lic},
  journal   = {Wiley Interdisciplinary Reviews: Computational Molecular Science},
  title     = {PySCF: the Python-based simulations of chemistry framework},
  year      = {2018},
  issn      = {1759-0884},
  number    = {1},
  pages     = {n/a--n/a},
  volume    = {8},
  doi       = {10.1002/wcms.1340},
  publisher = {Wiley Periodicals, Inc.}
}

@article{Fedorov2004,
  author    = {Fedorov, Dmitri G. and Olson, Ryan M. and Kitaura, Kazuo and Gordon, Mark S. and Koseki, Shiro},
  journal   = {Journal of Computational Chemistry},
  title     = {A new hierarchical parallelization scheme: Generalized distributed data interface (GDDI), and an application to the fragment molecular orbital method (FMO)},
  year      = {2004},
  issn      = {1096-987X},
  number    = {6},
  pages     = {872--880},
  volume    = {25},
  doi       = {10.1002/jcc.20018},
  publisher = {Wiley Subscription Services, Inc., A Wiley Company}
}

@article{Ma2005,
  author  = {A. Ma and M. D. Towler and N. D. Drummond and R. J. Needs},
  journal = {The Journal of Chemical Physics},
  title   = {Scheme for adding electron--nucleus cusps to Gaussian orbitals},
  year    = {2005},
  number  = {22},
  pages   = {224322},
  volume  = {122},
  doi     = {10.1063/1.1940588},
  eprint  = {https://doi.org/10.1063/1.1940588}
}



@article{Gaskell1961,
  author  = {T Gaskell},
  title   = {The Collective Treatment of a Fermi Gas: II},
  journal = {Proceedings of the Physical Society},
  volume  = {77},
  number  = {6},
  pages   = {1182},
  url     = {http://stacks.iop.org/0370-1328/77/i=6/a=312},
  year    = {1961}
}

@article{Gaskell1962,
  author  = {T Gaskell},
  title   = {The Collective Treatment of Many-body Systems: III},
  journal = {Proceedings of the Physical Society},
  volume  = {80},
  number  = {5},
  pages   = {1091},
  url     = {http://stacks.iop.org/0370-1328/80/i=5/a=307},
  year    = {1962}
}

@article{Luo2018hyb,
  author  = {Ye Luo and Kenneth P. Esler and Paul R. C. Kent and Luke Shulenburger},
  title   = {An efficient hybrid orbital representation for quantum Monte Carlo calculations},
  journal = {The Journal of Chemical Physics},
  volume  = {149},
  number  = {8},
  pages   = {084107},
  year    = {2018}
}

@article{Onida2002a,
  author          = {Onida, Giovanni and Reining, Lucia and Rubio, Angel},
  journal         = {Reviews of Modern Physics},
  title           = {{Electronic excitations: density-functional versus many-body Green's-function approaches}},
  year            = {2002},
  issn            = {0034-6861},
  number          = {2},
  pages           = {601--659},
  volume          = {74},
  doi             = {10.1103/RevModPhys.74.601},
  file            = {:Users/ks0/Library/Application Support/Mendeley Desktop/Downloaded/Onida, Reining, Rubio - Unknown - Electronic excitations density-functional versus many-body Green's-function approaches(2).pdf:pdf},
  mendeley-groups = {ORNL}
}

@article{Ong2013,
  author  = {Shyue Ping Ong and William Davidson Richards and Anubhav Jain and Geoffroy Hautier and Michael Kocher and Shreyas Cholia and Dan Gunter and Vincent L. Chevrier and Kristin A. Persson and Gerbrand Ceder},
  journal = {Computational Materials Science},
  title   = {{Python Materials Genomics (pymatgen): A robust, open-source python library for materials analysis}},
  year    = {2013},
  issn    = {0927-0256},
  pages   = {314--319},
  volume  = {68},
  doi     = {10.1016/j.commatsci.2012.10.028},
  url     = {http://www.sciencedirect.com/science/article/pii/S0927025612006295}
}

@article{Kokalj1999,
  author  = {Anton Kokalj},
  journal = {Journal of Molecular Graphics and Modelling},
  title   = {{XCrySDen---a new program for displaying crystalline structures and electron densities}},
  year    = {1999},
  issn    = {1093-3263},
  number  = {3},
  pages   = {176--179},
  volume  = {17},
  doi     = {10.1016/S1093-3263(99)00028-5},
  url     = {http://www.sciencedirect.com/science/article/pii/S1093326399000285}
}

@article{Hinuma2017,
  author  = {Yoyo Hinuma and Giovanni Pizzi and Yu Kumagai and Fumiyasu Oba and Isao Tanaka},
  journal = {Computational Materials Science},
  title   = {Band structure diagram paths based on crystallography},
  year    = {2017},
  issn    = {0927-0256},
  pages   = {140--184},
  volume  = {128},
  doi     = {10.1016/j.commatsci.2016.10.015},
  url     = {http://www.sciencedirect.com/science/article/pii/S0927025616305110}
}

@article{McDaniel2017,
  author    = {T. McDaniel and E. F. D'Azevedo and Y. W. Li and K. Wong and P. R. C. Kent},
  journal   = {The Journal of Chemical Physics},
  title     = {Delayed Slater determinant update algorithms for high efficiency quantum Monte Carlo},
  year      = {2017},
  month     = nov,
  number    = {17},
  pages     = {174107},
  volume    = {147},
  doi       = {10.1063/1.4998616},
  publisher = {{AIP} Publishing}
}

@article{Luo2018delayedupdate,
  author  = {Ye Luo and Jeongnim Kim},
  title   = {An highly efficient delayed update algorithm for evaluating Slater determinants in quantum Monte Carlo},
  journal = {in preparation},
  volume  = {},
  number  = {},
  pages   = {},
  year    = {2018}
}

@article{Zen2019DLA,
  author    = {Andrea Zen and Jan Gerit Brandenburg and Angelos Michaelides and Dario Alf{\`{e}}},
  journal   = {The Journal of Chemical Physics},
  title     = {A new scheme for fixed node diffusion quantum Monte Carlo with pseudopotentials: Improving reproducibility and reducing the trial-wave-function bias},
  year      = {2019},
  month     = oct,
  number    = {13},
  pages     = {134105},
  volume    = {151},
  doi       = {10.1063/1.5119729},
  publisher = {{AIP} Publishing}
}

@article{DePasqualeReliable1988,
  author    = {Michael F. DePasquale and Stuart M. Rothstein and Jan Vrbik},
  journal   = {The Journal of Chemical Physics},
  title     = {Reliable diffusion quantum Monte Carlo},
  year      = {1988},
  month     = sep,
  number    = {6},
  pages     = {3629--3637},
  volume    = {89},
  doi       = {10.1063/1.454883},
  publisher = {{AIP} Publishing}
}

@article{ZenBoosting2016,
  author    = {Andrea Zen and Sandro Sorella and Michael J. Gillan and Angelos Michaelides and Dario Alf{\`{e}}},
  journal   = {Physical Review B},
  title     = {Boosting the accuracy and speed of quantum Monte Carlo: Size consistency and time step},
  year      = {2016},
  month     = jun,
  number    = {24},
  volume    = {93},
  doi       = {10.1103/physrevb.93.241118},
  publisher = {American Physical Society ({APS})}
}

@article{ZenFast2018,
  author    = {Andrea Zen and Jan Gerit Brandenburg and Ji{\v{r}}{\'{\i}} Klime{\v{s}} and Alexandre Tkatchenko and Dario Alf{\`{e}} and Angelos Michaelides},
  journal   = {Proceedings of the National Academy of Sciences},
  title     = {Fast and accurate quantum Monte Carlo for molecular crystals},
  year      = {2018},
  month     = feb,
  number    = {8},
  pages     = {1724--1729},
  volume    = {115},
  doi       = {10.1073/pnas.1715434115},
  publisher = {Proceedings of the National Academy of Sciences}
}
@article{AquilanteMOLCAS2009,
  author  = {Aquilante, Francesco and De Vico, Luca and Ferr{\'e}, Nicolas and Ghigo, Giovanni and Malmqvist, Per-{\aa}ke and Neogr{\'a}dy, Pavel and Pedersen, Thomas Bondo and Pito{\v n}{\'a}k ,Michal and Reiher, Markus and Roos, Bj{\"o}rn O. and Serrano{-}Andr{\'e}s, Luis and Urban, Miroslav and Veryazov, Valera and Lindh, Roland},
  title   = {{MOLCAS 7: The Next Generation}},
  journal = {J. Comput. Chem.},
  year    = {2009},
  volume  = {31},
  number  = {1},
  pages   = {224},
  url     = {https://onlinelibrary.wiley.com/doi/abs/10.1002/jcc.21318}
}

@article{KochCholesky2003,
  author  = {Henrik Koch and Alfredo S{\'a}nchez de Mer{\'a}s and Thomas Bondo Pedersen},
  journal = {The Journal of Chemical Physics},
  title   = {{Reduced scaling in electronic structure calculations using Cholesky decompositions}},
  year    = {2003},
  number  = {21},
  pages   = {9481},
  volume  = {118},
  url     = {https://doi.org/10.1063/1.1578621}
}
@article{BeebeCholesky1977,
  author = {Beebe, Nelson H. F. and Linderberg, Jan},
  title = {{Simplifications in the generation and transformation of two{-}electron
    integrals in molecular calculations}},
  journal = {Int. J. Quantum Chem.},
  volume = {12},
  number = {4},
  pages = {683},
  year = {1977},
  url = {https://onlinelibrary.wiley.com/doi/abs/10.1002/qua.560120408}
}

@article{MottaKPoint2019,
  author    = {Motta, Mario and Zhang, Shiwei and Chan, Garnet Kin-Lic},
  title     = {{Hamiltonian symmetries in auxiliary-field quantum Monte Carlo calculations for electronic structure}},
  journal   = {Physical Review B},
  year      = {2019},
  volume    = {100},
  pages     = {045127},
  month     = jul,
  doi       = {10.1103/PhysRevB.100.045127},
  issue     = {4},
  numpages  = {12},
  publisher = {American Physical Society},
  url       = {https://link.aps.org/doi/10.1103/PhysRevB.100.045127}
}
@article{PurwantoCa2011,
  author  = {Purwanto,Wirawan and Krakauer,Henry and Virgus,Yudistira and Zhang,Shiwei},
  title   = {{Assessing weak hydrogen binding on Ca+ centers: An accurate many-body
    study with large basis sets}},
  journal = {The Journal of Chemical Physics},
  year    = {2011},
  volume  = {135},
  number  = {16},
  pages   = {164105},
  doi     = {10.1063/1.3654002},
  url     = {https://doi.org/10.1063/1.3654002}
}
@article{PurwantoDownfolding2013,
  author  = {Purwanto, Wirawan and Zhang, Shiwei and Krakauer, Henry},
  title   = {{Frozen-Orbital and Downfolding Calculations with Auxiliary-Field Quantum
    Monte Carlo}},
  journal = {Journal of Chemical Theory and Computation},
  year    = {2013},
  volume  = {9},
  number  = {11},
  pages   = {4825--4833},
  url     = {https://doi.org/10.1021/ct4006486}
}
@article{HohensteinTHCI2012,
  author  = {Edward G. Hohenstein and Robert M. Parrish and Todd J. Mart{\'\i}nez},
  title   = {{Tensor hypercontraction density fitting. I. Quartic scaling second- and
    third-order M{\o}ller-Plesset perturbation theory}},
  journal = {The Journal of Chemical Physics},
  year    = {2012},
  volume  = {137},
  number  = {4},
  pages   = {044103},
  doi     = {10.1063/1.4732310},
  url     = {https://doi.org/10.1063/1.4732310}
}

@article{ParrishTHCII2012,
  author     = {Robert M. Parrish and Edward G. Hohenstein and Todd J. Mart{\'\i}nez and
    C. David Sherrill},
  title      = {{Tensor hypercontraction. II. Least-squares renormalization}},
  journal    = {The Journal of Chemical Physics},
  year       = {2012},
  volume     = {137},
  number     = {22},
  pages      = {224106},
  doi        = {10.1063/1.4768233},
  url        = {https://doi.org/10.1063/1.4768233}
}

@article{HohensteinTHCIII2012,
  author  = {Edward G. Hohenstein and Robert M. Parrish and C. David Sherrill and Todd
    J. Mart{\'\i}nez},
  title   = {{Communication: Tensor hypercontraction. III. Least-squares tensor
    hypercontraction for the determination of correlated wavefunctions}},
  journal = {The Journal of Chemical Physics},
  year    = {2012},
  volume  = {137},
  number  = {22},
  pages   = {221101},
  doi     = {10.1063/1.4768241},
  url     = {https://doi.org/10.1063/1.4768241}
}

@article{MaloneISDF2019,
  author  = {Malone, Fionn D. and Zhang, Shuai and Morales, Miguel A.},
  title   = {{Overcoming the Memory Bottleneck in Auxiliary Field Quantum Monte Carlo
    Simulations with Interpolative Separable Density Fitting}},
  journal = {J. Chem. Theory. Comput.},
  year    = {2019},
  volume  = {15},
  number  = {1},
  pages   = {256},
  doi     = {10.1021/acs.jctc.8b00944},
  url     = {https://doi.org/10.1021/acs.jctc.8b00944}
}

@article{LuISDF2015,
  author   = {Jianfeng Lu and Lexing Ying},
  title    = {{Compression of the electron repulsion integral tensor in tensor
    hypercontraction format with cubic scaling cost}},
  journal  = {J. Comput. Phys.},
  year     = {2015},
  volume   = {302},
  pages    = {329},
  issn     = {0021-9991},
  doi      = {https://doi.org/10.1016/j.jcp.2015.09.014},
  url      = {http://www.sciencedirect.com/science/article/pii/S0021999115006075},
}
@article{WeiISDF2017,
  author  = {Hu, Wei and Lin, Lin and Yang, Chao},
  title   = {{Interpolative Separable Density Fitting Decomposition for Accelerating
    Hybrid Density Functional Calculations with Applications to Defects in Silicon}},
  journal = {Journal of Chemical Theory and Computation},
  year    = {2017},
  volume  = {13},
  number  = {11},
  pages   = {5420},
  doi     = {10.1021/acs.jctc.7b00807},
  url     = {https://doi.org/10.1021/acs.jctc.7b00807},
}

@article{DongISDF2018,
  author  = {Dong, Kun and Hu, Wei and Lin, Lin},
  title   = {{Interpolative Separable Density Fitting through Centroidal Voronoi
    Tessellation with Applications to Hybrid Functional Electronic Structure
      Calculations}},
  journal = {Journal of Chemical Theory and Computation},
  year    = {2018},
  volume  = {14},
  number  = {3},
  pages   = {1311},
  doi     = {10.1021/acs.jctc.7b01113},
  url     = {https://doi.org/10.1021/acs.jctc.7b01113},
}
@article{MaloneGPU2020,
  title={Accelerating Auxiliary-Field Quantum Monte Carlo Simulations of Solids with Graphical Processing Unit},
  author={Malone, Fionn D and Zhang, Shuai and Morales, Miguel A},
  journal={arXiv preprint arXiv:2003.09468},
  year={2020}
}
 
@Comment{jabref-meta: databaseType:bibtex;}
