@article{Onida2002a,
  author          = {Onida, Giovanni and Reining, Lucia and Rubio, Angel},
  journal         = {Reviews of Modern Physics},
  title           = {{Electronic excitations: density-functional versus many-body Green's-function approaches}},
  year            = {2002},
  issn            = {0034-6861},
  number          = {2},
  pages           = {601--659},
  volume          = {74},
  doi             = {10.1103/RevModPhys.74.601},
  file            = {:Users/ks0/Library/Application Support/Mendeley Desktop/Downloaded/Onida, Reining, Rubio - Unknown - Electronic excitations density-functional versus many-body Green's-function approaches(2).pdf:pdf},
  mendeley-groups = {ORNL}
}

@article{Ong2013,
  author  = {Shyue Ping Ong and William Davidson Richards and Anubhav Jain and Geoffroy Hautier and Michael Kocher and Shreyas Cholia and Dan Gunter and Vincent L. Chevrier and Kristin A. Persson and Gerbrand Ceder},
  journal = {Computational Materials Science},
  title   = {{Python Materials Genomics (pymatgen): A robust, open-source python library for materials analysis}},
  year    = {2013},
  issn    = {0927-0256},
  pages   = {314--319},
  volume  = {68},
  doi     = {10.1016/j.commatsci.2012.10.028},
  url     = {http://www.sciencedirect.com/science/article/pii/S0927025612006295}
}

@article{Kokalj1999,
  author  = {Anton Kokalj},
  journal = {Journal of Molecular Graphics and Modelling},
  title   = {{XCrySDen---a new program for displaying crystalline structures and electron densities}},
  year    = {1999},
  issn    = {1093-3263},
  number  = {3},
  pages   = {176--179},
  volume  = {17},
  doi     = {10.1016/S1093-3263(99)00028-5},
  url     = {http://www.sciencedirect.com/science/article/pii/S1093326399000285}
}

@article{Hinuma2017,
  author  = {Yoyo Hinuma and Giovanni Pizzi and Yu Kumagai and Fumiyasu Oba and Isao Tanaka},
  journal = {Computational Materials Science},
  title   = {Band structure diagram paths based on crystallography},
  year    = {2017},
  issn    = {0927-0256},
  pages   = {140--184},
  volume  = {128},
  doi     = {10.1016/j.commatsci.2016.10.015},
  url     = {http://www.sciencedirect.com/science/article/pii/S0927025616305110}
}
