@article{EslerKimCeperleyShulenburger2012,
   author = {Kenneth P. Esler and Jeongnim Kim and David M. Ceperley and Luke Shulenburger},
   title = {Accelerating Quantum Monte Carlo Simulations of Real Materials on GPU Clusters},
   journal ={Computing in Science and Engineering},
   volume = {14},
   number = {1},
   issn = {1521-9615},
   year = {2012},
   pages = {40-51},
   doi = {http://doi.ieeecomputersociety.org/10.1109/MCSE.2010.122},
   publisher = {IEEE Computer Society},
   address = {Los Alamitos, CA, USA},
}
