@article{Natoli1995,
title = "An Optimized Method for Treating Long-Range Potentials ",
journal = "Journal of Computational Physics ",
volume = "117",
number = "1",
pages = "171 - 178",
year = "1995",
note = "",
issn = "0021-9991",
doi = "http://dx.doi.org/10.1006/jcph.1995.1054",
url = "http://www.sciencedirect.com/science/article/pii/S0021999185710546",
author = "Vincent Natoli and David M. Ceperley"
}
