@article{Natoli1995,
  author  = {Vincent Natoli and David M. Ceperley},
  journal = {Journal of Computational Physics},
  title   = {An Optimized Method for Treating Long-Range Potentials},
  year    = {1995},
  issn    = {0021-9991},
  number  = {1},
  pages   = {171--178},
  volume  = {117},
  doi     = {10.1006/jcph.1995.1054},
  url     = {http://www.sciencedirect.com/science/article/pii/S0021999185710546}
}
