@article{Kwon1993backflow,
  author    = {Kwon, Yongkyung and Ceperley, D. M. and Martin, Richard M.},
  journal   = {Phys. Rev. B},
  title     = {Effects of three-body and backflow correlations in the two-dimensional electron gas},
  year      = {1993},
  month     = oct,
  pages     = {12037--12046},
  volume    = {48},
  doi       = {10.1103/PhysRevB.48.12037},
  issue     = {16},
  numpages  = {0},
  publisher = {American Physical Society}
}

@article{Toulouse2007linear,
  author  = {Julien Toulouse and C. J. Umrigar},
  journal = {The Journal of Chemical Physics},
  title   = {Optimization of quantum Monte Carlo wave functions by energy minimization},
  year    = {2007},
  number  = {8},
  pages   = {084102},
  volume  = {126},
  doi     = {10.1063/1.2437215},
  eprint  = {http://dx.doi.org/10.1063/1.2437215}
}
