@inproceedings{IPCC_SC17,
 author = {Mathuriya, Amrita and Luo, Ye and Clay,III, Raymond C. and Benali, Anouar and Shulenburger, Luke and Kim, Jeongnim},
 title = {Embracing a New Era of Highly Efficient and Productive Quantum Monte Carlo Simulations},
 booktitle = {Proceedings of the International Conference for High Performance Computing, Networking, Storage and Analysis},
 series = {SC '17},
 year = {2017},
 isbn = {978-1-4503-5114-0},
 location = {Denver, Colorado},
 pages = {38:1--38:12},
 articleno = {38},
 numpages = {12},
 url = {http://doi.acm.org/10.1145/3126908.3126952},
 doi = {10.1145/3126908.3126952},
 acmid = {3126952},
 publisher = {ACM},
 address = {New York, NY, USA},
 keywords = {CPUs, QMC, optimizations, portability, vectorization},
}

@article{PhysRevLett.90.136401,
	title = {Quantum {Monte} {Carlo} {Method} using {Phase}-{Free} {Random} {Walks} with {Slater} {Determinants}},
	volume = {90},
	doi = {10.1103/PhysRevLett.90.136401},
	number = {13},
	urldate = {2016-03-19},
	journal = {Physical Review Letters},
	author = {Zhang, Shiwei and Krakauer, Henry},
	month = apr,
	year = {2003},
	pages = {136401}
}
