@article{Natoli1995,
  author  = {Vincent Natoli and David M. Ceperley},
  journal = {Journal of Computational Physics},
  title   = {An Optimized Method for Treating Long-Range Potentials},
  year    = {1995},
  issn    = {0021-9991},
  number  = {1},
  pages   = {171--178},
  volume  = {117},
  doi     = {10.1006/jcph.1995.1054},
  url     = {http://www.sciencedirect.com/science/article/pii/S0021999185710546}
}

@article{Mitas1991,
  author  = {Mitas, Lubos and Shirley, Eric L. and Ceperley, David M.},
  journal = {The Journal of Chemical Physics},
  title   = {Nonlocal pseudopotentials and diffusion Monte Carlo},
  year    = {1991},
  number  = {5},
  pages   = {3467--3475},
  volume  = {95},
  doi     = {10.1063/1.460849}
}

@article{Zen2019DLA,
  author    = {Andrea Zen and Jan Gerit Brandenburg and Angelos Michaelides and Dario Alf{\`{e}}},
  journal   = {The Journal of Chemical Physics},
  title     = {A new scheme for fixed node diffusion quantum Monte Carlo with pseudopotentials: Improving reproducibility and reducing the trial-wave-function bias},
  year      = {2019},
  month     = oct,
  number    = {13},
  pages     = {134105},
  volume    = {151},
  doi       = {10.1063/1.5119729},
  publisher = {{AIP} Publishing}
}

@article{Chiesa2006,
  author    = {Chiesa, Simone and Ceperley, David M. and Martin, Richard M. and Holzmann, Markus},
  journal   = {Phys. Rev. Lett.},
  title     = {Finite-Size Error in Many-Body Simulations with Long-Range Interactions},
  year      = {2006},
  month     = aug,
  pages     = {076404},
  volume    = {97},
  doi       = {10.1103/PhysRevLett.97.076404},
  issue     = {7},
  numpages  = {4},
  publisher = {American Physical Society}
}

@article{Krogel2013,
  author    = {Krogel, Jaron T. and Yu, Min and Kim, Jeongnim and Ceperley, David M.},
  journal   = {Phys. Rev. B},
  title     = {Quantum energy density: Improved efficiency for quantum Monte Carlo calculations},
  year      = {2013},
  month     = jul,
  pages     = {035137},
  volume    = {88},
  doi       = {10.1103/PhysRevB.88.035137},
  issue     = {3},
  numpages  = {10},
  publisher = {American Physical Society}
}

@article{Krogel2014,
  author    = {Krogel, Jaron T. and Kim, Jeongnim and Reboredo, Fernando A.},
  journal   = {Phys. Rev. B},
  title     = {Energy density matrix formalism for interacting quantum systems: Quantum Monte Carlo study},
  year      = {2014},
  month     = jul,
  pages     = {035125},
  volume    = {90},
  doi       = {10.1103/PhysRevB.90.035125},
  issue     = {3},
  numpages  = {8},
  publisher = {American Physical Society}
}

@article{Filippi2016,
  author = {Filippi,Claudia  and Assaraf,Roland  and Moroni,Saverio },
  title = {Simple formalism for efficient derivatives and multi-determinant expansions in quantum Monte Carlo},
  journal = {The Journal of Chemical Physics},
  volume = {144},
  number = {19},
  pages = {194105},
  year = {2016},
  doi = {10.1063/1.4948778},
  URL = {https://doi.org/10.1063/1.4948778},
  eprint = { https://doi.org/10.1063/1.4948778 }
}

@article{Tiihonen2021,
  author = {Tiihonen,Juha  and Clay,Raymond C.  and Krogel,Jaron T. },
  title = {Toward quantum Monte Carlo forces on heavier ions: Scaling properties},
  journal = {The Journal of Chemical Physics},
  volume = {154},
  number = {20},
  pages = {204111},
  year = {2021},
  doi = {10.1063/5.0052266},
  URL = { https://doi.org/10.1063/5.0052266 },
  eprint = { https://doi.org/10.1063/5.0052266}
}
