
@article{KentQMCPACKJCP2020,
	title = {{QMCPACK}: {Advances} in the development, efficiency, and application of auxiliary field and real-space variational and diffusion quantum {Monte} {Carlo}},
	volume = {152},
	doi = {10.1063/5.0004860},
	number = {17},
	journal = {Journal of Chemical Physics},
	author = {Kent, P. R. C. and Annaberdiyev, Abdulgani and Benali, Anouar and Bennett, M. Chandler and Landinez Borda, Edgar Josué and Doak, Peter and Hao, Hongxia and Jordan, Kenneth D. and Krogel, Jaron T. and Kylänpää, Ilkka and Lee, Joonho and Luo, Ye and Malone, Fionn D. and Melton, Cody A. and Mitas, Lubos and Morales, Miguel A. and Neuscamman, Eric and Reboredo, Fernando A. and Rubenstein, Brenda and Saritas, Kayahan and Upadhyay, Shiv and Wang, Guangming and Zhang, Shuai and Zhao, Luning},
	month = may,
	year = {2020},
	pages = {174105}
}

@article{KimQMCPACKJPCM2018,
	title = {{QMCPACK} : an open source ab initio quantum {Monte} {Carlo} package for the electronic structure of atoms, molecules and solids},
	volume = {30},
	doi = {10.1088/1361-648X/aab9c3},
	number = {19},
	journal = {Journal of Physics: Condensed Matter},
	author = {Kim, Jeongnim and Baczewski, Andrew T. and Beaudet, Todd D. and Benali, Anouar and Bennett, M. Chandler and Berrill, Mark A. and Blunt, Nick S. and Borda, Edgar Josué Landinez and Casula, Michele and Ceperley, David M. and Chiesa, Simone and Clark, Bryan K. and III, Raymond C. Clay and Delaney, Kris T. and Dewing, Mark and Esler, Kenneth P. and Hao, Hongxia and Heinonen, Olle and Kent, Paul R. C. and Krogel, Jaron T. and Kylänpää, Ilkka and Li, Ying Wai and Lopez, M. Graham and Luo, Ye and Malone, Fionn D. and Martin, Richard M. and Mathuriya, Amrita and McMinis, Jeremy and Melton, Cody A. and Mitas, Lubos and Morales, Miguel A. and {Eric Neuscamman} and Parker, William D. and Flores, Sergio D. Pineda and Romero, Nichols A. and Rubenstein, Brenda M. and Shea, Jacqueline A. R. and Shin, Hyeondeok and Shulenburger, Luke and Tillack, Andreas F. and Townsend, Joshua P. and Tubman, Norm M. and Goetz, Brett Van Der and Vincent, Jordan E. and Yang, D. ChangMo and Yang, Yubo and Zhang, Shuai and Zhao, Luning},
	year = {2018},
	pages = {195901}
}

