@article{Krogel2016nexus,
  author  = {Jaron T. Krogel},
  journal = {Computer Physics Communications},
  title   = {Nexus: A modular workflow management system for quantum simulation codes},
  year    = {2016},
  issn    = {0010-4655},
  pages   = {154--168},
  volume  = {198},
  doi     = {10.1016/j.cpc.2015.08.012},
  url     = {http://www.sciencedirect.com/science/article/pii/S0010465515002982}
}
