@article{Sun2018,
  author    = {Sun, Qiming and Berkelbach, Timothy C. and Blunt, Nick S. and Booth, George H. and Guo, Sheng and Li, Zhendong and Liu, Junzi and McClain, James D. and Sayfutyarova, Elvira R. and Sharma, Sandeep and Wouters, Sebastian and Chan, Garnet Kin-Lic},
  journal   = {Wiley Interdisciplinary Reviews: Computational Molecular Science},
  title     = {PySCF: the Python-based simulations of chemistry framework},
  year      = {2018},
  issn      = {1759-0884},
  number    = {1},
  pages     = {n/a--n/a},
  volume    = {8},
  doi       = {10.1002/wcms.1340},
  publisher = {Wiley Periodicals, Inc.}
}
