@article{Nesbet1955,
  author    = {Nesbet, R. K.},
  title     = {Configuration Interaction in Orbital Theories},
  volume    = {230},
  number    = {1182},
  pages     = {312--321},
  year      = {1955},
  doi       = {10.1098/rspa.1955.0134},
  publisher = {The Royal Society},
  issn      = {0080-4630},
  url       = {http://rspa.royalsocietypublishing.org/content/230/1182/312},
  eprint    = {http://rspa.royalsocietypublishing.org/content/230/1182/312.full.pdf},
  journal   = {Proceedings of the Royal Society of London A: Mathematical, Physical and Engineering Sciences}
}

@article{Diner1967,
  author   = {Diner, S. and Malrieu, J. P. and Claverie, P.},
  journal  = {Theoretica chimica acta},
  title    = {The use of perturbation methods for the study of the effects of configuration interaction},
  year     = {1967},
  issn     = {1432-2234},
  number   = {5},
  pages    = {390--403},
  volume   = {8},
  doi      = {10.1007/BF00529454}
}

@article{Caffarel2013,
  author  = {E. Giner, A. Scemama, M. Caffarel},
  journal = {Canadian Journal of Chemistry},
  title   = {Using perturbatively selected configuration interaction in quantum Monte Carlo calculations},
  year    = {2013},
  pages   = {9},
  volume  = {91}
}

@article{Scemama2016,
  author  = {Scemama, Anthony and Applencourt, Thomas and Giner, Emmanuel and Caffarel, Michel},
  journal = {Journal of Computational Chemistry},
  title   = {Quantum Monte Carlo with very large multideterminant wavefunctions},
  year    = {2016},
  issn    = {1096-987X},
  number  = {20},
  pages   = {1866--1875},
  volume  = {37},
  doi     = {10.1002/jcc.24382}
}

@article{Scemama2018,
  author  = {Scemama, Anthony and Garniron, Yann and Caffarel, Michel and Loos, Pierre-Francois},
  journal = {Journal of Chemical Theory and Computation},
  title   = {Deterministic construction of nodal surfaces within quantum Monte Carlo: the case of FeS},
  year    = {0},
  number  = {ja},
  pages   = {null},
  volume  = {0},
  doi     = {10.1021/acs.jctc.7b01250},
  eprint  = {http://dx.doi.org/10.1021/acs.jctc.7b01250}
}

@article{Garniron2017-2,
  author  = {Yann Garniron and Anthony Scemama and Pierre-Fran{\c{c}}ois Loos and Michel Caffarel},
  journal = {The Journal of Chemical Physics},
  title   = {Hybrid stochastic-deterministic calculation of the second-order perturbative contribution of multireference perturbation theory},
  year    = {2017},
  number  = {3},
  pages   = {034101},
  volume  = {147},
  doi     = {10.1063/1.4992127},
  eprint  = {https://doi.org/10.1063/1.4992127}
}

@misc{QP,
  author       = {A. Scemamma},
  title        = {Quantum Package},
  howpublished = {\url{https://github.com/LCPQ/quantum_package}},
  year         = {2013--2017}
}

@article{Garniron2017-1,
  author  = {Yann Garniron and Emmanuel Giner and Jean-Paul Malrieu and Anthony Scemama},
  journal = {The Journal of Chemical Physics},
  title   = {Alternative definition of excitation amplitudes in multi-reference state-specific coupled cluster},
  year    = {2017},
  number  = {15},
  pages   = {154107},
  volume  = {146},
  doi     = {10.1063/1.4980034},
  eprint  = {https://doi.org/10.1063/1.4980034}
}
