
@article{Dolg2012,
	Author = {Dolg, Michael and Cao, Xiaoyan},
	Doi = {10.1021/cr2001383},
	Eprint = {https://doi.org/10.1021/cr2001383},
	Journal = {Chemical Reviews},
	Note = {PMID: 21913696},
	Number = {1},
	Pages = {403-480},
	Title = {Relativistic Pseudopotentials: Their Development and Scope of Applications},
	Url = {https://doi.org/10.1021/cr2001383},
	Volume = {112},
	Year = {2012},
	Bdsk-Url-1 = {https://doi.org/10.1021/cr2001383}
}

@article{Melton2016-1,
  title = {Spin-orbit interactions in electronic structure quantum Monte Carlo methods},
  author = {Melton, Cody A. and Zhu, Minyi and Guo, Shi and Ambrosetti, Alberto and Pederiva, Francesco and Mitas, Lubos},
  journal = {Phys. Rev. A},
  volume = {93},
  issue = {4},
  pages = {042502},
  numpages = {5},
  year = {2016},
  month = {Apr},
  publisher = {American Physical Society},
  doi = {10.1103/PhysRevA.93.042502},
  url = {https://link.aps.org/doi/10.1103/PhysRevA.93.042502}
}


@article{Melton2016-2,
	Author = {Melton,Cody A. and Bennett,M. Chandler and Mitas,Lubos},
	Doi = {10.1063/1.4954726},
	Eprint = {https://doi.org/10.1063/1.4954726},
	Journal = {The Journal of Chemical Physics},
	Number = {24},
	Pages = {244113},
	Title = {Quantum Monte Carlo with variable spins},
	Url = {https://doi.org/10.1063/1.4954726},
	Volume = {144},
	Year = {2016},
	Bdsk-Url-1 = {https://doi.org/10.1063/1.4954726}}

